
@article{zhou2019ps,
  title={PS-156-Antigen suppression effect of the core protein allosteric modulator R07049389 in AAV-HBV mice is accompanied by transient upregulation of immune-cell gene signatures in the liver},
  author={Zhou, Xue and Zhang, Jitao David and Zhou, Yuan and Tian, Xiaojun and Yu, Youjun and Dai, Lue and Zhao, Jie and Young, John and Gao, Lu},
  journal={Journal of Hepatology},
  volume={70},
  number={1},
  pages={e98},
  year={2019},
  publisher={Elsevier}
}
@article{ajibode2010systemic,
  title={Systemic microRNA measurement, a useful tool for intelligent clinical decision support systems in bladder cancer},
  author={Ajibode, Sulaimon and Chang-Gong, Liu and Zhang, Jitao David and Zien, Alexander and Lixia, Diao and Jing, Wang and Nicola, Traila and Jackson, David and Dinney, Colin and Adam, Liana},
  journal={Clinical Cancer Research},
  volume={16},
  number={19\_Supplement},
  pages={A19--A19},
  year={2010},
  publisher={The American Association for Cancer Research}
}
