@article{xu2015,
  title={14-3-3$\zeta$ Turns TGF-$\beta$\'s Function from Tumor Suppressor to Metastasis Promoter in Breast Cancer by Contextual Changes of Smad Partners from p53 to Gli2},
  author={Xu, Jia and Acharya, Sunil and Sahin, Ozgur and Zhang, Qingling and Saito, Yohei and Yao, Jun and Wang, Hai and Li, Ping and Zhang, Lin and Lowery, Frank J and others},
  journal={Cancer cell},
  volume={27},
  number={2},
  pages={177--192},
  year={2015},
  publisher={Elsevier}
}

@article{Adam2013,
   author = {Adam, Liana and Wszolek, Matthew F and Liu, Chang-Gong and Jing, Wang and Diao, Lixia and Zien, Alexander and Zhang, Jitao David and Jackson, David and Dinney, Colin PN},
   title = {Plasma microRNA profiles for bladder cancer detection},
   journal = {Urologic Oncology: Seminars and Original Investigations},
   volume = {31},
   number = {8},
   pages = {1701-1708},
   year = {2013}
}

@article{Aigner2014,
   author = {Aigner, Stefan and Heckel, Tobias and Zhang, Jitao David and Andreae, Laura C and Jagasia, Ravi},
   title = {Human pluripotent stem cell models of autism spectrum disorder: emerging frontiers, opportunities, and challenges towards neuronal networks in a dish},
   journal = {Psychopharmacology},
   volume = {231},
   number = {6},
   pages = {1089-1104},
   year = {2014}
}

@article{Haller2010,
   author = {Haller, Florian and von Heydebreck, Anja and Zhang, Jitao David and Gunawan, Bastian and Langer, Claus and Ramadori, Giuliano and Wiemann, Stefan and Sahin, \"Ozg\"ur},
   title = {Localization- and mutation-dependent microRNA (miRNA) expression signatures in gastrointestinal stromal tumours (GISTs), with a cluster of co-expressed miRNAs located at 14q32. 31},
   journal = {The Journal of Pathology},
   volume = {220},
   number = {1},
   pages = {71-86},
   year = {2010}
}

@article{Haller2015,
   author = {Haller, Florian and Zhang, Jitao David and Moskalev, Evgeny A and Braun, Alexander and Otto, Claudia and Geddert, Helene and Riazalhosseini, Yasser and Ward, Aoife and Balwierz, Aleksandra and Schaefer, Inga-Marie  and Cameron, Silke and Ghadimi, B. Michael and Agaimy, Abbas and Fletcher, Jonathan A and Hoheisel, J\"org  and Hartmann, Arndt and Werner, Martin Werner and Wiemann, Stefan and Sahin, \"Ozg\"ur},
   title = {Combined DNA methylation and gene expression profiling in gastrointestinal stromal tumors reveals hypomethylation of SPP1 as an independent prognostic factor},
   journal = {International Journal of Cancer},
   volume = {136},
   number = {5},
   pages = {1013-1023},
   year = {2015}
}

@article{Horvat2013,
   author = {Horv$\acute{a}$t, Em$\tilde{a}$ke-$\acute{A}$gnes and Zhang, Jitao David and Uhlmann, Stefan and Sahin, \"Ozg\"ur and Zweig, Katharina Anna},
   title = {A Network-Based Method to Assess the Statistical Significance of Mild Co-Regulation Effects},
   journal = {PloS ONE},
   volume = {8},
   number = {9},
   pages = {e73413},
   year = {2013}
}

@article{Jurmeister2012,
   author = {Jurmeister, Sarah and Baumann, Marek and Balwierz, Aleksandra and Keklikoglou, Ioanna and Ward, Aoife and Uhlmann, Stefan and Zhang, Jitao David and Wiemann, Stefan and Sahin, \"Ozg\"ur},
   title = {MicroRNA-200c represses migration and invasion of breast cancer cells by targeting actin-regulatory proteins FHOD1 and PPM1F},
   journal = {Molecular and Cellular Biology},
   volume = {32},
   number = {3},
   pages = {633-651},
   year = {2012}
}

@article{Keklikoglou2012,
   author = {Keklikoglou, I and Koerner, C and Schmidt, C and Zhang, JD and Heckmann, D and Shavinskaya, A and Allgayer, H and G\"uckel, B and Fehm, T and Schneeweiss, A and Sahin, \"O and Wiemann, S and Tschulena, U},
   title = {MicroRNA-520/373 family functions as a tumor suppressor in estrogen receptor negative breast cancer by targeting NF-$\kappa$B and TGF-$\beta$ signaling pathways},
   journal = {Oncogene},
   volume = {31},
   number = {37},
   pages = {4150-4163},
   year = {2012}
}

@article{Moisan2014,
   author = {Moisan, Annie and Lee, Youn-Kyoung and Zhang, Jitao David and Hudak, Carolyn S and Meyer, Claas A and Prummer, Michael and Zoffmann, Sannah and Truong, Hoa Hue and Ebeling, Martin and Kiialainen, Anna and G$\acute{e}$rard, R$\acute{e}$gine and Xia, Fang and Schinzel, Robert T. and Amrein, Kurt E. and Cowan, Chad A.},
   title = {White-to-brown metabolic conversion of human adipocytes by JAK inhibition},
   journal = {Nature Cell Biology},
   year = {2014}
}

@article{Raza2014,
   author = {Raza, Umar and Zhang, Jitao David and Sahin, \"Ozg\"ur},
   title = {MicroRNAs: master regulators of drug resistance, stemness, and metastasis},
   journal = {Journal of Molecular Medicine},
   volume = {92},
   number = {4},
   pages = {321-336},
   year = {2014}
}

@article{Rehman2014,
   author = {Rehman, Sumaiyah K and Li, Shau-Hsuan and Wyszomierski, Shannon L and Wang, Qingfei and Li, Ping and Sahin, Ozgur and Xiao, Yi and Zhang, Siyuan and Xiong, Yan and Yang, Jun and Wang, Hai and Guo, Hua and Zhang, Jitao David and Medina, Daniel and Muller, William and Yu, Dihua},
   title = {14-3-3$\zeta$  Orchestrates Mammary Tumor Onset and Progression via miR-221-Mediated Cell Proliferation},
   journal = {Cancer Research},
   volume = {74},
   number = {1},
   pages = {363-373},
   year = {2014}
}

@article{Uhlmann2012,
   author = {Uhlmann, Stefan and Mannsperger, Heiko and Zhang, Jitao David and Horv$\acute{a}$t, Em$\tilde{a}$ke-$\acute{A}$gnes and Schmidt, Christian and K\"ublbeck, Moritz and Henjes, Frauke and Ward, Aoife and Tschulena, Ulrich and Zweig, Katharina and Korf, Ulrike and Wiemann, Stefan and Sahin, \"Ozg\"ur},
   title = {Global microRNA level regulation of EGFR-driven cell-cycle protein network in breast cancer},
   journal = {Molecular Systems Biology},
   volume = {8},
   number = {1},
   year = {2012}
}

@article{Uhlmann2010,
   author = {Uhlmann, S and Zhang, JD and Schw\"ager, A and Mannsperger, H and Riazalhosseini, Y and Burmester, S and Ward, A and Korf, U and Wiemann, S and Sahin, \"Ozg\"ur},
   title = {mir-200bc/429 cluster targets PLC$\gamma$1 and differentially regulates proliferation and egf-driven invasion than mir-200a/141 in breast cancer},
   journal = {Oncogene},
   volume = {29},
   number = {30},
   pages = {4297-4306},
   year = {2010}
}

@article{Ward2013,
   author = {Ward, A and Balwierz, A and Zhang, JD and K\"ublbeck, M and Pawitan, Y and Hielscher, T and Wiemann, S and Sahin, \"Ozg\"ur},
   title = {Re-expression of microRNA-375 reverses both tamoxifen resistance and accompanying EMT-like properties in breast cancer},
   journal = {Oncogene},
   volume = {32},
   number = {9},
   pages = {1173-1182},
   year = {2013}
}

@article{Yuk2014,
   author = {Yuk, Inn H and Zhang, Jitao David and Ebeling, Martin and Berrera, Marco and Gomez, Natalia and Werz, Silke and Meiringer, Christoph and Shao, Zhixin and Swanberg, Jeffrey C and Lee, Kelvin H},
   title = {Effects of copper on CHO cells: Insights from gene expression analyses},
   journal = {Biotechnology Progress},
   year = {2014}
}

@article{Zhang2013,
   author = {Zhang, Jitao David and Berntenis, Nikolaos and Roth, Adrian and Ebeling, Martin},
   title = {Data mining reveals a network of early-response genes as a consensus signature of drug-induced \textit{in vitro} and \textit{in vivo} toxicity},
   journal = {The Pharmacogenomics Journal},
   year = {2013}
}

@article{Zhang2011,
   author = {Zhang, Jitao David and Koerner, Cindy and Bechtel, Stephanie and Bender, Christian and Keklikoglou, Ioanna and Schmidt, Christian and Irsigler, Anja and Ernst, Ute and Sahin, \"Ozg\"ur and Wiemann, Stefan},
   title = {Time-resolved human kinome RNAi screen identifies a network regulating mitotic-events as early regulators of cell proliferation},
   journal = {PloS ONE},
   volume = {6},
   number = {7},
   pages = {e22176},
   year = {2011}
}


@ARTICLE{Zhang2009,
  author = {Jitao David Zhang and Stefan Wiemann},
  title = {{KEGGgraph}: a graph approach to {KEGG PATHWAY} in {R} and {B}ioconductor},
  journal = {Bioinformatics},
  year = {2009},
  volume = {25},
  pages = {1470--1471},
  number = {11},
  owner = {david},
  timestamp = {2009.07.05}
}

@article{Zhang2014,
  title={Highly sensitive amplicon-based transcript quantification by semiconductor sequencing},
  author={Zhang, Jitao D and Schindler, Tobias and K{\"u}ng, Erich and Ebeling, Martin and Certa, Ulrich},
  journal={BMC genomics},
  volume={15},
  number={1},
  pages={565},
  year={2014},
  publisher={BioMed Central Ltd}
}
