
@article{haller2010localization,
  title={Localization-and mutation-dependent {microRNA (miRNA)} expression signatures in gastrointestinal stromal tumours ({GISTs}), with a cluster of co-expressed {miRNAs} located at 14q32. 31},
  author={Haller, Florian and von Heydebreck, Anja and Zhang, Jitao David and Gunawan, Bastian and Langer, Claus and Ramadori, Giuliano and Wiemann, Stefan and Sahin, {\"O}zg{\"u}r},
  journal={The Journal of Pathology: A Journal of the Pathological Society of Great Britain and Ireland},
  volume={220},
  number={1},
  pages={71--86},
  year={2010},
  publisher={John Wiley \& Sons, Ltd. Chichester, UK}
}

@article{keklikoglou2012microrna,
  title={{MicroRNA-520/373} family functions as a tumor suppressor in estrogen receptor negative breast cancer by targeting {NF-$\kappa$B} and {TGF-$\beta$} signaling pathways},
  author={Keklikoglou, I and Koerner, C and Schmidt, C and Zhang, JD and Heckmann, D and Shavinskaya, A and Allgayer, H and G{\"u}ckel, B and Fehm, T and Schneeweiss, A and others},
  journal={Oncogene},
  volume={31},
  number={37},
  pages={4150},
  year={2012},
  publisher={Nature Publishing Group}
}

@article{jurmeister2012microrna,
  title={{MicroRNA-200c} represses migration and invasion of breast cancer cells by targeting actin-regulatory proteins {FHOD1} and {PPM1F}},
  author={Jurmeister, Sarah and Baumann, Marek and Balwierz, Aleksandra and Keklikoglou, Ioanna and Ward, Aoife and Uhlmann, Stefan and Zhang, Jitao David and Wiemann, Stefan and Sahin, {\"O}zg{\"u}r},
  journal={Molecular and cellular biology},
  volume={32},
  number={3},
  pages={633--651},
  year={2012},
  publisher={Am Soc Microbiol}
}

@article{ward2013re,
  title={Re-expression of {microRNA-375} reverses both tamoxifen resistance and accompanying {EMT}-like properties in breast cancer},
  author={Ward, Aoife and Balwierz, Aleksandra and Zhang, Jitao David and K{\"u}blbeck, Moritz and Pawitan, Y and Hielscher, Thomas and Wiemann, Stefan and Sahin, {\"O}},
  journal={Oncogene},
  volume={32},
  number={9},
  pages={1173--1182},
  year={2013},
  publisher={Nature Publishing Group}
}

@inproceedings{adam2013plasma,
  title={Plasma {microRNA} profiles for bladder cancer detection},
  author={Adam, Liana and Wszolek, Matthew F and Liu, Chang-Gong and Jing, Wang and Diao, Lixia and Zien, Alexander and Zhang, Jitao D and Jackson, David and Dinney, Colin PN},
  booktitle={Urologic Oncology: Seminars and Original Investigations},
  volume={31},
  number={8},
  pages={1701--1708},
  year={2013},
  organization={Elsevier}
}

@article{horvat2013network,
  title={A network-based method to assess the statistical significance of mild co-regulation effects},
  author={Horv{\'a}t, Em{\H{o}}ke-{\'A}gnes and Zhang, Jitao David and Uhlmann, Stefan and Sahin, {\"O}zg{\"u}r and Zweig, Katharina Anna},
  journal={PloS ONE},
  volume={8},
  number={9},
  pages={e73413},
  year={2013},
  publisher={Public Library of Science}
}

@article{yuk2014effects,
  title={Effects of copper on {CHO} cells: insights from gene expression analyses},
  author={Yuk, Inn H and Zhang, Jitao David and Ebeling, Martin and Berrera, Marco and Gomez, Natalia and Werz, Silke and Meiringer, Christoph and Shao, Zhixin and Swanberg, Jeffrey C and Lee, Kelvin H and others},
  journal={Biotechnology progress},
  volume={30},
  number={2},
  pages={429--442},
  year={2014}
}

@article{raza2014micrornas,
  title={MicroRNAs: master regulators of drug resistance, stemness, and metastasis},
  author={Raza, Umar and Zhang, Jitao David and {\c{S}}ahin, {\"O}zg{\"u}r},
  journal={Journal of Molecular Medicine},
  volume={92},
  pages={321--336},
  year={2014},
  publisher={Springer Berlin Heidelberg}
}

@article{aigner2014human,
  title={Human pluripotent stem cell models of autism spectrum disorder: emerging frontiers, opportunities, and challenges towards neuronal networks in a dish},
  author={Aigner, Stefan and Heckel, Tobias and Zhang, Jitao D and Andreae, Laura C and Jagasia, Ravi},
  journal={Psychopharmacology},
  volume={231},
  pages={1089--1104},
  year={2014},
  publisher={Springer Berlin Heidelberg}
}

@article{rehman201414,
  title={14-3-3$\zeta$ Orchestrates Mammary Tumor Onset and Progression via miR-221--Mediated Cell Proliferation},
  author={Rehman, Sumaiyah K and Li, Shau-Hsuan and Wyszomierski, Shannon L and Wang, Qingfei and Li, Ping and Sahin, Ozgur and Xiao, Yi and Zhang, Siyuan and Xiong, Yan and Yang, Jun and others},
  journal={Cancer Research},
  volume={74},
  number={1},
  pages={363--373},
  year={2014},
  publisher={AACR}
}

@article{moisan2015white,
  title={White-to-brown metabolic conversion of human adipocytes by JAK inhibition},
  author={Moisan, Annie and Lee, Youn-Kyoung and Zhang, Jitao David and Hudak, Carolyn S and Meyer, Claas A and Prummer, Michael and Zoffmann, Sannah and Truong, Hoa Hue and Ebeling, Martin and Kiialainen, Anna and others},
  journal={Nature Cell Biology},
  volume={17},
  number={1},
  pages={57--67},
  year={2015},
  publisher={Nature Publishing Group}
}

@article{xu201514,
  title={14-3-3$\zeta$ turns {TGF-$\beta$’s} function from tumor suppressor to metastasis promoter in breast cancer by contextual changes of {Smad} partners from p53 to {Gli2}},
  author={Xu, Jia and Acharya, Sunil and Sahin, Ozgur and Zhang, Qingling and Saito, Yohei and Yao, Jun and Wang, Hai and Li, Ping and Zhang, Lin and Lowery, Frank J and others},
  journal={Cancer Cell},
  volume={27},
  number={2},
  pages={177--192},
  year={2015},
  publisher={Cell Press}
}

@article{haller2015combined,
  title={Combined {DNA} methylation and gene expression profiling in gastrointestinal stromal tumors reveals hypomethylation of SPP1 as an independent prognostic factor},
  author={Haller, Florian and Zhang, Jitao David and Moskalev, Evgeny A and Braun, Alexander and Otto, Claudia and Geddert, Helene and Riazalhosseini, Yasser and Ward, Aoife and Balwierz, Aleksandra and Schaefer, Inga-Marie and others},
  journal={International Journal of Cancer},
  volume={136},
  number={5},
  pages={1013--1023},
  year={2015},
  publisher={Wiley Online Library}
}


@article{van2016outcomes,
  title={Outcomes and susceptibility to neuraminidase inhibitors in individuals infected with different influenza {B} lineages: the influenza resistance information study},
  author={van der Vries, Erhard and Ip, Dennis KM and Cowling, Benjamin J and Zhang, Jitao D and Tong, Xiao and Wojtowicz, Krzysztof and Schutten, Martin and Boucher, Charles A},
  journal={The Journal of Infectious Diseases},
  volume={213},
  number={2},
  pages={183--190},
  year={2016},
  publisher={Oxford University Press}
}

@article{lenz2015antiviral,
  title={Antiviral Innate Immune Activation in {HIV}-Infected Adults Negatively Affects {H1/IC31}-Induced Vaccine-Specific Memory {CD4+ T} Cells},
  author={Lenz, Nicole and Schindler, Tobias and Kagina, Benjamin M and Zhang, Jitao David and Lukindo, Tedson and Mpina, Maxmillian and Bang, Peter and Kromann, Ingrid and Hoff, S{\o}ren T and Andersen, Peter and others},
  journal={Clinical and Vaccine Immunology},
  volume={22},
  number={7},
  pages={688--696},
  year={2015},
  publisher={American Society for Microbiology}
}

@article{uhlmann2012global,
  title={Global miRNA regulation of a local protein network: Case study with the {EGFR}-driven cell cycle network in breast cancer},
  author={Uhlmann, S and Mannsperger, H and Zhang, JD and Horv{\'a}t, E{\'A} and Schmidt, C and K{\"u}blbeck, M and Ward, A and Tschulena, U and Zweig, K and Korf, U and others},
  journal={Molecular Systems Biology},
  volume={8},
  pages={570},
  year={2012}
}

@article{raza2016mir,
  title={The miR-644a/CTBP1/p53 axis suppresses drug resistance by simultaneous inhibition of cell survival and epithelial-mesenchymal transition in breast cancer.},
  author={Raza, U and Saatci, Ö and Uhlmann, S and Ansari, SA and Eyüpoglu Lu E and Yurdusev, E and Mutlu, M and Ersan, PG and Altundag, MK and Zhang, JD and others},
  journal={Oncotarget},
  year={2016}
}


@article{grabole2016genomic,
  title={Genomic analysis of the molecular neuropathology of tuberous sclerosis using a human stem cell model},
  author={Grabole, Nils and Zhang, Jitao David and Aigner, Stefan and Ruderisch, Nadine and Costa, Veronica and Weber, Felix C and Theron, Michel and Berntenis, Nikolaos and Spleiss, Olivia and Ebeling, Martin and others},
  journal={Genome Medicine},
  volume={8},
  number={1},
  pages={1--14},
  year={2016},
  publisher={BioMed Central}
}

@article{boess2017use,
  title={Use of early phenotypic in vivo markers to assess human relevance of an unusual rodent non-genotoxic carcinogen in vitro},
  author={Boess, Franziska and Lenz, Barbara and Funk, Juergen and Niederhauser, Urs and Bassett, Simon and Zhang, Jitao David and Singer, Thomas and Roth, Adrian B},
  journal={Toxicology},
  volume={379},
  pages={48--61},
  year={2017},
  publisher={Elsevier}
}

@article{moisan2017inhibition,
  title={Inhibition of {EGF} Uptake by Nephrotoxic Antisense Drugs In Vitro and Implications for Preclinical Safety Profiling},
  author={Moisan, Annie and Gubler, Marcel and Zhang, Jitao David and Tessier, Yann and Erichsen, Kamille Dumong and Sewing, Sabine and G{\'e}rard, R{\'e}gine and Avignon, Blandine and Huber, Sylwia and Benmansour, Fethallah and others},
  journal={Molecular Therapy-Nucleic Acids},
  volume={6},
  pages={89--105},
  year={2017},
  publisher={Elsevier}
}

@article{mueller2018novel,
  title={A novel orally available small molecule that inhibits hepatitis B virus expression},
  author={Mueller, Henrik and Wildum, Steffen and Luangsay, Souphalone and Walther, Johanna and Lopez, Ana{\"\i}s and Tropberger, Philipp and Ottaviani, Giorgio and Lu, Wenzhe and Parrott, Neil John and Zhang, Jitao David and others},
  journal={Journal of Hepatology},
  volume={68},
  number={3},
  pages={412--420},
  year={2018},
  publisher={Elsevier}
}

@article{sturm2019comprehensive,
  title={Comprehensive evaluation of transcriptome-based cell-type quantification methods for immuno-oncology},
  author={Sturm, Gregor and Finotello, Francesca and Petitprez, Florent and Zhang, Jitao David and Baumbach, Jan and Fridman, Wolf H and List, Markus and Aneichyk, Tatsiana},
  journal={Bioinformatics},
  volume={35},
  number={14},
  pages={i436--i445},
  year={2019},
  publisher={Oxford University Press}
}

@article{choobdar2019assessment,
  title={Assessment of network module identification across complex diseases},
  author={Choobdar, Sarvenaz and Ahsen, Mehmet E and Crawford, Jake and Tomasoni, Mattia and Fang, Tao and Lamparter, David and Lin, Junyuan and Hescott, Benjamin and Hu, Xiaozhe and Mercer, Johnathan and others},
  journal={Nature Methods},
  volume={16},
  number={9},
  pages={843--852},
  year={2019},
  publisher={Nature Publishing Group}
}

@article{roudnicky2019modeling,
  title={Modeling the Effects of Severe Metabolic Disease by Genome Editing of hPSC-Derived Endothelial Cells Reveals an Inflammatory Phenotype},
  author={Roudnicky, Filip and Lan, Yanjun and Friesen, Max and Dernick, Gregor and Zhang, Jitao David and Staempfli, Andreas and Bordag, Natalie and Wagner-Golbs, Antje and Christensen, Klaus and Ebeling, Martin and others},
  journal={International Journal of Molecular Sciences},
  volume={20},
  number={24},
  pages={6201},
  year={2019},
  publisher={Multidisciplinary Digital Publishing Institute}
}

@article{badillo2020introduction,
  title={An introduction to machine learning},
  author={Badillo, Solveig and Banfai, Balazs and Birzele, Fabian and Davydov, Iakov I and Hutchinson, Lucy and Kam-Thong, Tony and Siebourg-Polster, Juliane and Steiert, Bernhard and Zhang, Jitao David},
  journal={Clinical Pharmacology \& Therapeutics},
  volume={107},
  number={4},
  pages={871--885},
  year={2020}
}

@article{zaidan2020signaling,
  title={Signaling pathways predisposing to chronic kidney disease progression},
  author={Zaidan, Mohamad and Burtin, Martine and Zhang, Jitao David and Blanc, Thomas and Barre, Pauline and Garbay, Serge and Nguyen, Cl{\'e}ment and Vasseur, Florence and Yammine, Lucie and Germano, Serena and others},
  journal={JCI Insight},
  volume={5},
  number={9},
  year={2020},
  publisher={Am Soc Clin Investig}
}

@article{gutbier2020large,
  title={Large-Scale Production of Human iPSC-Derived Macrophages for Drug Screening},
  author={Gutbier, Simon and Wanke, Florian and Dahm, Nadine and R{\"u}mmelin, Anna and Zimmermann, Silke and Christensen, Klaus and K{\"o}chl, Fabian and Rautanen, Anna and Hatje, Klas and Geering, Barbara and others},
  journal={International Journal of Molecular Sciences},
  volume={21},
  number={13},
  pages={4808},
  year={2020},
  publisher={Multidisciplinary Digital Publishing Institute}
}

@article{madler2021besca,
  title={{BESCA}, a single-cell transcriptomics analysis toolkit to accelerate translational research},
  author={M{\"a}dler, Sophia Clara and Julien-Laferriere, Alice and Wyss, Luis and Phan, Miroslav and Sonrel, Anthony and Kang, Albert SW and Ulrich, Eric and Schmucki, Roland and Zhang, Jitao David and Ebeling, Martin and others},
  journal={NAR Genomics and Bioinformatics},
  volume={3},
  number={4},
  pages={lqab102},
  year={2021},
  publisher={Oxford University Press}
}

@article{jaklin2020focus,
  title={Focus on germ-layer markers: A human stem cell-based model for in vitro teratogenicity testing},
  author={Jaklin, Manuela and Zhang, Jitao David and Barrow, Paul and Ebeling, Martin and Clemann, Nicole and Leist, Marcel and Kustermann, Stefan},
  journal={Reproductive Toxicology},
  volume={98},
  pages={286--298},
  year={2020},
  publisher={Elsevier}
}

@article{reich2021alzheimer,
  title={Alzheimer’s Risk Gene {TREM2} Determines Functional Properties of New Type of Human {iPSC}-Derived Microglia},
  author={Reich, Marvin and Paris, I{\~n}aki and Ebeling, Martin and Dahm, Nadine and Schweitzer, Christophe and Reinhardt, Dieter and Schmucki, Roland and Prasad, Megana and K{\"o}chl, Fabian and Leist, Marcel and others},
  journal={Frontiers in Immunology},
  volume={11},
  pages={617860},
  year={2021},
  publisher={Frontiers Media SA}
}

@article{gatti2022cross,
  title={Cross-reactive immunity potentially drives global oscillation and opposed alternation patterns of seasonal influenza {A} viruses},
  author={Gatti, Lorenzo and Koenen, Mischa H and Zhang, Jitao David and Anisimova, Maria and Verhagen, Lilly M and Schutten, Martin and Osterhaus, Ab and van der Vries, Erhard},
  journal={Scientific Reports},
  volume={12},
  number={1},
  pages={8883},
  year={2022},
  publisher={Nature Publishing Group UK London}
}

@article{chen2022discovery,
  title={Discovery of Novel {cccDNA} Reducers toward the Cure of Hepatitis B Virus Infection},
  author={Chen, Dongdong and Tan, Xuefei and Chen, Wenming and Liu, Yongfu and Li, Chao and Wu, Jun and Zheng, Jiamin and Shen, Hong C and Zhang, Meifang and Wu, Waikwong and others},
  journal={Journal of Medicinal Chemistry},
  volume={65},
  number={16},
  pages={10938--10955},
  year={2022},
  publisher={ACS Publications}
}

@article{klughammer2023randomized,
  title={A randomized, double-blind phase 1b study evaluating the safety, tolerability, pharmacokinetics and pharmacodynamics of the {NLRP3} inhibitor selnoflast in patients with moderate to severe active ulcerative colitis},
  author={Klughammer, Barbara and Piali, Luca and Nica, Alexandra and Nagel, Sandra and Bailey, Lorna and Jochum, Christoph and Ignatenko, Stanislav and Bl{\"a}uer, Angela and Danilin, Sabrina and Gulati, Pratiksha and others},
  journal={Clinical and Translational Medicine},
  volume={13},
  number={11},
  pages={e1471},
  year={2023},
  publisher={Wiley Online Library}
}

@article{bosch2024nature,
  title={A liver immune rheostat regulates {CD8 T} cell immunity in chronic {HBV} infection},
  author={Miriam Bosch et al.},
  journal={Nature},
  volume={},
  number={},
  pages={},
  year={2024},
  publisher={Nature-Springer}
}


@article{rot_splicekit_2024,
	title = {splicekit: an integrative toolkit for splicing analysis from short-read {RNA}-seq},
	volume = {},
	number = {},
	journal = {Bioinformatics Advances},
	author = {Gregor Rot et al.},
	year = {2024},
	pages = {},
}


@article{rodriguez-iglesias_bottom-up_nodate,
	title = {A bottom-up approach identifies the antipsychotic and antineoplastic trifluoperazine and the ribose derivative deoxytubercidin as novel microglial phagocytosis inhibitors},
	volume = {},
	number = {},
	journal = {Glia},
	author = {Noelia Rodriguez-Iglesias et al.},
	year = {2024},
	pages = {}
}


@article{ruegger_cellekt_2025,
	title = {{CellEKT}: a robust chemical proteomics workflow to profile cellular target engagement of kinase inhibitors},
	volume = {},
	number = {},
	journal = {Molecular \& Cellular Proteomics},
	author = {Joel Rüegger et al.},
	year = {2025},
	pages = {}
}

@article{hatje_2025,
	 title = {Comparison of Fixed Single Cell {RNA-seq} Methods to Enable Transcriptome Profiling of Neutrophils in Clinical Samples},
	 volume={},
	 number={},
	 journal={Cell Reports Methods},
	 author={Hatje et al.},
	 year={2025},
	 pages={}
}
