
@article{sturm_comprehensive_2019,
  title = {Comprehensive evaluation of transcriptome-based cell-type quantification methods for immuno-oncology},
  journal = {Bioinformatics},
  year = {2019}
}


@article{choobdar_assessment_2019,
  title = {Assessment of network module identification across complex diseases},
  journal = {Nature Methods},
  year = {2019},
}


@article{mueller_novel_2018,
  title = {A novel orally available small molecule that inhibits hepatitis {B} virus expression},
  journal = {Journal of Hepatology},
  year = {2018},
}

@article{xu2015,
  title={14-3-3$\zeta$ Turns {TGF}-$\beta$\textquotesingle s Function from Tumor Suppressor to Metastasis Promoter in Breast Cancer by Contextual Changes of Smad Partners from p53 to {Gli2}},
  journal={Cancer Cell},
  year={2015},
}

@article{MolPhen,
   title = {Molecular Phenotyping Combines Molecular Information, Biological Relevance, and Patient Data to Improve Productivity of Early Drug Discovery},
   journal = {Cell Chemical Biology},
   year={2017},
}
 
@article{BioQC,
   title = {Detect tissue heterogeneity in gene expression data with {BioQC}},
   journal = {BMC Genomics},
   year = {2017}
 }
   
@article{Grabole2016,
   title = {Genomic analysis of the molecular neuropathology of tuberous sclerosis using a human stem cell model},
   journal = {Genome Medicine},
   year = {2016}
}


@article{Moisan2014,
   title = {White-to-brown metabolic conversion of human adipocytes by {JAK} inhibition},
   journal = {Nature Cell Biology},
   year = {2015},
}

@article{Uhlmann2012,
   title = {Global {microRNA} level regulation of {EGFR}-driven cell-cycle protein network in breast cancer},
   journal = {Molecular Systems Biology},
   year = {2012},
}

@article{Zhang2013,
   title = {Data mining reveals a network of early-response genes as a consensus signature of drug-induced \textit{in vitro} and \textit{in vivo} toxicity},
   journal = {The Pharmacogenomics Journal},
   year = {2013}
}

@article{Zhang2014,
  title={Highly sensitive amplicon-based transcript quantification by semiconductor sequencing},
  journal={BMC Genomics},
  year={2014},
  publisher={BioMed Central Ltd}
}

@article{KEGGgraph,
   title={{KEGGgraph}: a graph approach to {KEGG PATHWAY} in {R} and {Bioconductor}},
   journal={Bioinformatics},
   year={2009}
 }
   
