@article{zhang2009kegggraph,
  title={{KEGGgraph: a graph approach to KEGG PATHWAY in R and Bioconductor}},
  author={Zhang, Jitao David and Wiemann, Stefan},
  journal={Bioinformatics},
  volume={25},
  number={11},
  pages={1470--1471},
  year={2009},
  publisher={Oxford Univ Press}
}

@article{uhlmann2010mir,
  title={miR-200bc/429 cluster targets {PLC$\gamma$1} and differentially regulates proliferation and {EGF}-driven invasion than {miR-200a/141} in breast cancer},
  author={Uhlmann, S and Zhang, JD and Schw{\"a}ger, A and Mannsperger, H and Riazalhosseini, Y and Burmester, S and Ward, A and Korf, U and Wiemann, Stefan and Sahin, {\"O}},
  journal={Oncogene},
  volume={29},
  number={30},
  pages={4297--4306},
  year={2010},
  publisher={Nature Publishing Group}
}


@article{zhang2011time,
  title={Time-resolved human kinome {RNAi} screen identifies a network regulating mitotic-events as early regulators of cell proliferation},
  author={Zhang, Jitao David and Koerner, Cindy and Bechtel, Stephanie and Bender, Christian and Keklikoglou, Ioanna and Schmidt, Christian and Irsigler, Anja and Ernst, Ute and Sahin, {\"O}zg{\"u}r and Wiemann, Stefan and others},
  journal={PloS ONE},
  volume={6},
  number={7},
  pages={e22176},
  year={2011},
  publisher={Public Library of Science}
}

@article{zhang2014data,
  title={Data mining reveals a network of early-response genes as a consensus signature of drug-induced in vitro and in vivo toxicity},
  author={Zhang, JD and Berntenis, N and Roth, A and Ebeling, M},
  journal={The Pharmacogenomics Journal},
  volume={14},
  number={3},
  pages={208--216},
  year={2014},
  publisher={Nature Publishing Group}
}


@article{zhang2014highly,
  title={Highly sensitive amplicon-based transcript quantification by semiconductor sequencing},
  author={Zhang, Jitao David and Schindler, Tobias and K{\"u}ng, Erich and Ebeling, Martin and Certa, Ulrich},
  journal={BMC Genomics},
  volume={15},
  number={1},
  pages={1--8},
  year={2014},
  publisher={BioMed Central}
}

@article{zhang2015pathway,
  title={Pathway reporter genes define molecular phenotypes of human cells},
  author={Zhang, Jitao David and K{\"u}ng, Erich and Boess, Franziska and Certa, Ulrich and Ebeling, Martin},
  journal={BMC Genomics},
  volume={16},
  number={1},
  pages={1--10},
  year={2015},
  publisher={BioMed Central}
}

@article{grabole2016genomic,
  title={Genomic analysis of the molecular neuropathology of tuberous sclerosis using a human stem cell model},
  author={Grabole, Nils and Zhang, Jitao David and Aigner, Stefan and Ruderisch, Nadine and Costa, Veronica and Weber, Felix C and Theron, Michel and Berntenis, Nikolaos and Spleiss, Olivia and Ebeling, Martin and others},
  journal={Genome Medicine},
  volume={8},
  number={1},
  pages={1--14},
  year={2016},
  publisher={BioMed Central}
}

@article{zhang2017detect,
  title={Detect tissue heterogeneity in gene expression data with {BioQC}},
  author={Zhang, Jitao David and Hatje, Klas and Sturm, Gregor and Broger, Clemens and Ebeling, Martin and Burtin, Martine and Terzi, Fabiola and Pomposiello, Silvia Ines and Badi, Laura},
  journal={BMC Genomics},
  volume={18},
  pages={1--9},
  year={2017},
  publisher={BioMed Central}
}

@article{drawnel2017molecular,
  title={Molecular Phenotyping Combines Molecular Information, Biological Relevance, and Patient Data to Improve Productivity of Early Drug Discovery},
  author={Drawnel, Faye Marie and Zhang, Jitao David and K{\"u}ng, Erich and Aoyama, Natsuyo and Benmansour, Fethallah and Del Rosario, Andrea Araujo and Zoffmann, Sannah Jensen and Delobel, Fr{\'e}d{\'e}ric and Prummer, Michael and Weibel, Franziska and others},
  journal={Cell Chemical Biology},
  volume={24},
  number={5},
  pages={624--634},
  year={2017},
  publisher={Elsevier}
}

@article{zhang2020multiscale,
  title={Multiscale modelling of drug mechanism and safety},
  author={Zhang, Jitao David and Sach-Peltason, Lisa and Kramer, Christian and Wang, Ken and Ebeling, Martin},
  journal={Drug Discovery Today},
  volume={25},
  number={3},
  pages={519--534},
  year={2020},
  publisher={Elsevier Current Trends}
}


@article{roudnicky2020inducers,
  title={Inducers of the endothelial cell barrier identified through chemogenomic screening in genome-edited hPSC-endothelial cells},
  author={Roudnicky, Filip and Zhang, Jitao David and Kim, Bo Kyoung and Pandya, Nikhil J and Lan, Yanjun and Sach-Peltason, Lisa and Ragelle, Heloise and Strassburger, Pamela and Gruener, Sabine and Lazendic, Mirjana and others},
  journal={Proceedings of the National Academy of Sciences},
  volume={117},
  number={33},
  pages={19854--19865},
  year={2020},
  publisher={National Academy of Sciences}
}


@article{zhang2021ten,
  title={Ten simple rules for doing a postdoc in pharma},
  author={Zhang, Jitao David},
  journal={PLOS Computational Biology},
  volume={17},
  number={6},
  pages={e1008989},
  year={2021},
  publisher={Public Library of Science San Francisco, CA USA}
}

@article{sturm2021tissue,
  title={Tissue heterogeneity is prevalent in gene expression studies},
  author={Sturm, Gregor and List, Markus and Zhang, Jitao David},
  journal={NAR Genomics and Bioinformatics},
  volume={3},
  number={3},
  pages={lqab077},
  year={2021},
  publisher={Oxford University Press}
}


@article{jaklin2022optimization,
  title={Optimization of the {TeraTox} assay for preclinical teratogenicity assessment},
  author={Jaklin, Manuela and Zhang, Jitao David and Sch{\"a}fer, Nicole and Clemann, Nicole and Barrow, Paul and K{\"u}ng, Erich and Sach-Peltason, Lisa and McGinnis, Claudia and Leist, Marcel and Kustermann, Stefan},
  journal={Toxicological Sciences},
  volume={188},
  number={1},
  pages={17--33},
  year={2022},
  publisher={Oxford University Press}
}

@article{wang2023discovery,
  title={{Discovery of a first-in-class orally available HBV cccDNA inhibitor}},
  author={Wang, Li and Zhu, Qihui and Zhang, Jitao David and Zhang, Yaling and Ni, Xiaoju and Xiang, Kunlun and Jiang, Jiaxi and Li, Baocun and Yu, Youjun and Hu, Hui and others},
  journal={Journal of Hepatology},
  volume={78},
  number={4},
  pages={742--753},
  year={2023},
  publisher={Elsevier}
}

@article{michoel2023causal,
  title={Causal inference in drug discovery and development},
  author={Michoel, Tom and Zhang, Jitao David},
  journal={Drug Discovery Today},
  volume={28},
  number={10},
  pages={103737},
  year={2023},
  publisher={Elsevier Current Trends}
}
